@software{altmeyer2022CLEAR,
  author = {Patrick Altmeyer},
  title = {{CLEAR.jl - a julia package for Counterfactual Explanations and Algorithmic Recourse}},
  url = {https://github.com/pat-alt/CLEAR.jl},
  version = {0.1.0},
  year = {2022}
}